@misc{FCC_FRS,
    title = {{Family Radio Service (FRS)}},
    howpublished = {\url{https://www.fcc.gov/encyclopedia/family-radio-service-frs}},
    note = {Accessed: 2015-03-02},
}

@misc{FCC_PART_95B,
    title = {{eCRF -- Code of Federal Regulations, Part 95 - Personal Radio Services, Subpart B - Family Radio Service (FRS)}},
    howpublished = {\url{http://www.ecfr.gov/cgi-bin/text-idx?SID=5ddd3bab07204521939c4b1580b7a692&node=pt47.5.95&rgn=div5#sp47.5.95.b}},
    note = {Accessed: 2015-03-02},
}

@misc{GNURADIO,
    title = {{GNU Radio}},
    howpublished = {\url{http://gnuradio.org/}},
    note = {Accessed: 2015-03-02},
}

@misc{BLADERF,
    title = {{Nuand bladeRF}},
    howpublished = {\url{https://www.nuand.com/bladeRF}},
    note = {Accessed: 2015-03-02},
}

@misc{TRONDEAU_PFB,
    title = {{PFB Channelizers and Synthesizers}}, 
    howpublished = {\url{http://www.trondeau.com/examples/2014/1/23/pfb-channelizers-and-synthesizers.html}},
    note = {Accessed: 2015-03-02},
}

@misc{TRONDEAU_BUSPORT,
    title = {{Working with GRC Busports}},
    howpublished = {\url{http://www.trondeau.com/blog/2014/2/27/working-with-grc-busports.html}},
    note = {Accessed: 2015-03-10},
}

@misc{GRC,
    title = {{GNU Radio Companion}},
    howpublished = {\url{http://gnuradio.org/redmine/projects/gnuradio/wiki/GNURadioCompanion}},
    note = {Accessed: 2015-03-03},
}

@misc{PULSE_AUDIO,
    title = {{PulseAudio}},
    howpublished = {\url{http://www.freedesktop.org/wiki/Software/PulseAudio}},
    note = {Accessed: 2015-03-03},
}

@misc{FDATOOL,
    title = {{MATLAB Signal Processing Toolbox: Filter Design and Analsis Tool}},
    howpublished = {\url{http://www.mathworks.com/help/signal/ref/fdatool.html}},
    note = {Accessed: 2015-03-03},
}

@misc{LMS6002D_OVERVIEW,
    title = {{Field Programmable RF ICs: LMS6002D}},
    howpublished = {\url{http://www.limemicro.com/products/field-programmable-rf-ics-lms6002d}}, 
    note = {Accessed: 2015-03-09},
}

@misc{LMS6002D_DATASHEET,
    title = {{LMS6002 Datasheet (1.1.0)}},
    howpublished = {\url{http://www.limemicro.com/download/LMS6002Dr2-DataSheet-1.2r0.pdf}},
    note = {Accessed: 2015-03-09},
}

@misc{GROSMOSDR_PARAMS,
    title = {{GrOsmoSDR - Device Specification for bladeRF Source/Sink}},
    howpublished = {\url{http://sdr.osmocom.org/trac/wiki/GrOsmoSDR#bladeRFSourceSink}},
    note = {Accessed: 2015-03-09},
}

@misc{COBRA_CXT545,
    title = {{Cobra CXT545}},
    howpublished = {\url{https://www.cobra.com/products/max-performance/cxt-545}},
    note = {Accessed: 2015-03-10},
}

@misc{SIGGEN,
    title = {{Keysight E4433B ESG-D Series Digital RF Signal Generator}},
    howpublished = {\url{http://www.keysight.com/en/pd-1000002824%3Aepsg%3Apro-pn-E4433B/esg-d-series-digital-rf-signal-generator-4-ghz?cc=US&lc=eng}},
    note = {Accessed: 2015-03-10},
}

@misc{VSA,
    title = {{Keysight E4406A VSA Transmitter Tester}},
    howpublished = {\url{http://www.keysight.com/en/pd-1000002790%3Aepsg%3Apro-pn-E4406A/vsa-transmitter-tester-7-mhz-to-4-ghz?cc=US&lc=eng}},
    note = {Accessed: 2015-03-10},
}

@misc{XUBUNTU,
    title = {{XUbuntu 14.10 released!}},
    howpublished = {\url{http://xubuntu.org/news/14-10-release/}},
    note = {Accessed: 2015-03-11},
}
